{
  "fields": [
    {
      "001": "in00000000001"
    },
    {
      "008": "750907c19509999enkqr p       0   a0eng d"
    },
    {
      "005": "20230627082130.8"
    },
    {
      "010": {
        "ind1": " ",
        "ind2": " ",
        "subfields": [
          {
            "a": "   58020553 "
          }
        ]
      }
    },
    {
      "022": {
        "ind1": " ",
        "ind2": " ",
        "subfields": [
          {
            "a": "0022-0469"
          }
        ]
      }
    },
    {
      "035": {
        "ind1": " ",
        "ind2": " ",
        "subfields": [
          {
            "a": "(CStRLIN)NYCX1604275S"
          }
        ]
      }
    },
    {
      "035": {
        "ind1": " ",
        "ind2": " ",
        "subfields": [
          {
            "a": "(NIC)notisABP6388"
          }
        ]
      }
    },
    {
      "035": {
        "ind1": " ",
        "ind2": " ",
        "subfields": [
          {
            "a": "366832"
          }
        ]
      }
    },
    {
      "035": {
        "ind1": " ",
        "ind2": " ",
        "subfields": [
          {
            "a": "(OCoLC)1604275"
          }
        ]
      }
    },
    {
      "040": {
        "ind1": " ",
        "ind2": " ",
        "subfields": [
          {
            "d": "CtY"
          },
          {
            "d": "MBTI"
          },
          {
            "d": "CtY"
          },
          {
            "d": "MBTI"
          },
          {
            "d": "NIC"
          },
          {
            "d": "CStRLIN"
          },
          {
            "d": "NIC"
          }
        ]
      }
    },
    {
      "050": {
        "ind1": "0",
        "ind2": " ",
        "subfields": [
          {
            "a": "BR140"
          },
          {
            "b": ".J6"
          }
        ]
      }
    },
    {
      "082": {
        "ind1": " ",
        "ind2": " ",
        "subfields": [
          {
            "a": "270.05"
          }
        ]
      }
    },
    {
      "222": {
        "ind1": "0",
        "ind2": "4",
        "subfields": [
          {
            "a": "The Journal of ecclesiastical history"
          }
        ]
      }
    },
    {
      "245": {
        "ind1": "0",
        "ind2": "4",
        "subfields": [
          {
            "a": "The Journal of ecclesiastical history."
          }
        ]
      }
    },
    {
      "260": {
        "ind1": " ",
        "ind2": " ",
        "subfields": [
          {
            "a": "London,"
          },
          {
            "b": "Cambridge University Press [etc.]"
          }
        ]
      }
    },
    {
      "265": {
        "ind1": " ",
        "ind2": " ",
        "subfields": [
          {
            "a": "32 East 57th St., New York, 10022"
          }
        ]
      }
    },
    {
      "300": {
        "ind1": " ",
        "ind2": " ",
        "subfields": [
          {
            "a": "v."
          },
          {
            "b": "25 cm."
          }
        ]
      }
    },
    {
      "310": {
        "ind1": " ",
        "ind2": " ",
        "subfields": [
          {
            "a": "Quarterly,"
          },
          {
            "b": "1970-"
          }
        ]
      }
    },
    {
      "321": {
        "ind1": " ",
        "ind2": " ",
        "subfields": [
          {
            "a": "Semiannual,"
          },
          {
            "b": "1950-69"
          }
        ]
      }
    },
    {
      "362": {
        "ind1": "0",
        "ind2": " ",
        "subfields": [
          {
            "a": "v. 1-   Apr. 1950-"
          }
        ]
      }
    },
    {
      "570": {
        "ind1": " ",
        "ind2": " ",
        "subfields": [
          {
            "a": "Editor:   C. W. Dugmore."
          }
        ]
      }
    },
    {
      "650": {
        "ind1": " ",
        "ind2": "0",
        "subfields": [
          {
            "a": "Church history"
          },
          {
            "x": "Periodicals."
          }
        ]
      }
    },
    {
      "650": {
        "ind1": " ",
        "ind2": "7",
        "subfields": [
          {
            "a": "Church history"
          },
          {
            "2": "fast"
          },
          {
            "0": "(OCoLC)fst00860740"
          }
        ]
      }
    },
    {
      "655": {
        "ind1": " ",
        "ind2": "7",
        "subfields": [
          {
            "a": "Periodicals"
          },
          {
            "2": "fast"
          },
          {
            "0": "(OCoLC)fst01411641"
          }
        ]
      }
    },
    {
      "700": {
        "ind1": "1",
        "ind2": " ",
        "subfields": [
          {
            "a": "Dugmore, C. W."
          },
          {
            "q": "(Clifford William),"
          },
          {
            "e": "ed."
          }
        ]
      }
    },
    {
      "853": {
        "ind1": "0",
        "ind2": "3",
        "subfields": [
          {
            "8": "1"
          },
          {
            "a": "v."
          },
          {
            "i": "(year)"
          }
        ]
      }
    },
    {
      "863": {
        "ind1": "4",
        "ind2": "0",
        "subfields": [
          {
            "8": "1"
          },
          {
            "a": "1-49"
          },
          {
            "i": "1950-1998"
          }
        ]
      }
    },
    {
      "902": {
        "ind1": " ",
        "ind2": " ",
        "subfields": [
          {
            "a": "pfnd"
          },
          {
            "b": "Lintz"
          }
        ]
      }
    },
    {
      "905": {
        "ind1": " ",
        "ind2": " ",
        "subfields": [
          {
            "a": "19890510120000.0"
          }
        ]
      }
    },
    {
      "948": {
        "ind1": "2",
        "ind2": " ",
        "subfields": [
          {
            "a": "20141106"
          },
          {
            "b": "m"
          },
          {
            "d": "batch"
          },
          {
            "e": "lts"
          },
          {
            "x": "addfast"
          }
        ]
      }
    },
    {
      "950": {
        "ind1": " ",
        "ind2": " ",
        "subfields": [
          {
            "l": "OLIN"
          },
          {
            "a": "BR140"
          },
          {
            "b": ".J86"
          },
          {
            "h": "01/01/01 N"
          }
        ]
      }
    },
    {
      "999": {
        "ind1": "f",
        "ind2": "f",
        "subfields": [
          {
            "s": "9a4db741-2acb-4ad8-9e66-ab6d17dcbe68"
          },
          {
            "i": "65ad2158-687a-406e-9799-aa4427dd9d4a"
          }
        ]
      }
    }
  ],
  "leader": "01338cas a2200409   4500"
}
